<?xml version="1.0" encoding="UTF-8"?><collection xmlns="http://www.loc.gov/MARC21/slim"><record><leader>00414nam--2200133-i-4500</leader><controlfield tag="001">000044833</controlfield><controlfield tag="002">20161230</controlfield><controlfield tag="005">20161230201044</controlfield><controlfield tag="008">060222s1000------------r-----000-0-eng-d</controlfield><datafield ind1=" " ind2=" " tag="080"><subfield code="a">511.132(083.5)</subfield></datafield><datafield ind1=" " ind2=" " tag="100"><subfield code="a">Tisin, S.D.Si Tisin, S.S</subfield></datafield><datafield ind1=" " ind2=" " tag="245"><subfield code="a">Tabele pt.ridicari la putere, trad.din l.rusa, dupa editia a patra, de ing.mihai aelenei si cornel bonta</subfield></datafield><datafield ind1=" " ind2=" " tag="260"><subfield code="a">Bucuresti, Ed.Tehnica, 1976, 408p</subfield></datafield><datafield ind1=" " ind2=" " tag="852"><subfield code="a">43116</subfield></datafield></record></collection>